<record><leader>00000cas a22000007a 4500</leader><controlfield tag="001">11809942</controlfield><controlfield tag="008">850315d18721888wiuwr ne      0    0eng d</controlfield><controlfield tag="009">3781</controlfield><datafield ind1=" " ind2=" " tag="010"><subfield code="a">sn 85033286 </subfield></datafield><datafield ind1=" " ind2=" " tag="040"><subfield code="a">NPU</subfield><subfield code="b">eng</subfield><subfield code="c">NPU</subfield><subfield code="d">NPV</subfield><subfield code="d">DLC</subfield></datafield><datafield ind1="1" ind2=" " tag="029"><subfield code="a">AU@</subfield><subfield code="b">000025835900</subfield></datafield><datafield ind1=" " ind2=" " tag="042"><subfield code="a">msc</subfield></datafield><datafield ind1=" " ind2=" " tag="045"><subfield code="a">w7w8</subfield></datafield><datafield ind1="0" ind2="0" tag="050"><subfield code="a">Newspaper 10216-X</subfield></datafield><datafield ind1=" " ind2=" " tag="052"><subfield code="a">4123</subfield><subfield code="b">V4</subfield></datafield><datafield ind1="0" ind2="0" tag="245"><subfield code="a">Wisconsin independent.</subfield></datafield><datafield ind1=" " ind2=" " tag="260"><subfield code="a">Viroqua, Vernon County, Wis. :</subfield><subfield code="b">A.L. Ankeny,</subfield><subfield code="c">1872-1888.</subfield></datafield><datafield ind1=" " ind2=" " tag="300"><subfield code="a">17 v. :</subfield><subfield code="b">ill. (chiefly advertisements) ;</subfield><subfield code="c">65 cm.</subfield></datafield><datafield ind1=" " ind2=" " tag="310"><subfield code="a">Weekly</subfield></datafield><datafield ind1="0" ind2=" " tag="362"><subfield code="a">Vol. 1, no. 1 (July 26, 1872)-v. 17, no. 17 (Nov. 7, 1888).</subfield></datafield><datafield ind1=" " ind2=" " tag="500"><subfield code="a">Publisher varies.</subfield></datafield><datafield ind1=" " ind2=" " tag="500"><subfield code="a">Place of publication changes: Black River Falls, Jan. 19, 1876-Nov. 7, 1888.</subfield></datafield><datafield ind1=" " ind2=" " tag="515"><subfield code="a">Not published Jan. 5, 1876.</subfield></datafield><datafield ind1=" " ind2=" " tag="530"><subfield code="a">Also available on microfilm from The State Historical Society of Wisconsin.</subfield></datafield><datafield ind1=" " ind2=" " tag="500"><subfield code="a">Editor: T.C. Ankeny, July 26, 1872-Nov. 14, 1877.--F.J. Bowman, Nov. 21, 1877-July 3, 1878.--B.J. Castle, July 10, 1878-Nov. 1, 1882.--P. O'Brien, C.M. Hobart, Nov. 8, 1882.--P. O'Brien, C.M. Hobart, B.J. Castle, Nov. 15-29, 1882.--P. O'Brien, Dec. 12, 1883-July 2, 1884.--O'Brien &amp; Chandler, July 9-Aug. 6, 1884.--Ogden &amp; Chandler, Aug. 13, 1884-Jan. 6, 1886.--J.R. Ogden, Jan. 13-27, 1886.--O'Brien &amp; Hobart, Feb. 10-Apr. 28, 1886.--P. O'Brien, May 5, 1886-Jan. 25, 1887.--B.J. Castle, Feb. 9, 1887-June 6, 1888.--C.J. Strang, June 6-Nov. 7, 1888.</subfield></datafield><datafield ind1=" " ind2=" " tag="752"><subfield code="a">United States</subfield><subfield code="b">Wisconsin</subfield><subfield code="c">Vernon</subfield><subfield code="d">Viroqua.</subfield></datafield><datafield ind1=" " ind2=" " tag="752"><subfield code="a">United States</subfield><subfield code="b">Wisconsin</subfield><subfield code="c">Jackson</subfield><subfield code="d">Black River Falls.</subfield></datafield></record>